<?xml version="1.0" encoding="UTF-8"?><collection xmlns="http://www.loc.gov/MARC21/slim"><record><leader>00374nam--2200133-i-4500</leader><controlfield tag="001">000030011</controlfield><controlfield tag="002">20161230</controlfield><controlfield tag="005">20161230201038</controlfield><controlfield tag="008">060222s1000------------r-----000-0-eng-d</controlfield><datafield ind1=" " ind2=" " tag="080"><subfield code="a">521.933</subfield></datafield><datafield ind1=" " ind2=" " tag="100"><subfield code="a">Lambeck,  Kurt</subfield></datafield><datafield ind1=" " ind2=" " tag="245"><subfield code="a">The earth`s variable rotation:geophysical causes and consequences</subfield></datafield><datafield ind1=" " ind2=" " tag="260"><subfield code="a">Cambridge, Cambridge University Press, 1980. 449p</subfield></datafield><datafield ind1=" " ind2=" " tag="852"><subfield code="a">49040</subfield></datafield></record></collection>